<record><leader>00000cas a22000007a 4500</leader><controlfield tag="001">19559896</controlfield><controlfield tag="008">890417d189919uugaudn ne      0    0eng d</controlfield><datafield ind1=" " ind2=" " tag="010"><subfield code="a">sn 89053177 </subfield></datafield><datafield ind1=" " ind2=" " tag="040"><subfield code="a">NLG</subfield><subfield code="b">eng</subfield><subfield code="c">NLG</subfield><subfield code="d">GUA</subfield><subfield code="d">OCLCQ</subfield><subfield code="d">OCLCF</subfield><subfield code="d">OCLCO</subfield><subfield code="d">OCLCA</subfield></datafield><datafield ind1="1" ind2=" " tag="029"><subfield code="a">AU@</subfield><subfield code="b">000025988485</subfield></datafield><datafield ind1=" " ind2=" " tag="042"><subfield code="a">msc</subfield></datafield><datafield ind1=" " ind2=" " tag="043"><subfield code="a">n-us-ga</subfield></datafield><datafield ind1="0" ind2=" " tag="130"><subfield code="a">Evening call (Griffin, Ga.)</subfield></datafield><datafield ind1="1" ind2="4" tag="245"><subfield code="a">The evening call.</subfield></datafield><datafield ind1=" " ind2=" " tag="260"><subfield code="a">Griffin, Ga. :</subfield><subfield code="b">S.B. &amp; J.C. Sawtell</subfield></datafield><datafield ind1=" " ind2=" " tag="300"><subfield code="a">v.</subfield></datafield><datafield ind1=" " ind2=" " tag="310"><subfield code="a">Daily (except Sun.)</subfield></datafield><datafield ind1="0" ind2=" " tag="362"><subfield code="a">Vol. 10, no. 173 (Mar. 27, 1899)-</subfield></datafield><datafield ind1=" " ind2=" " tag="530"><subfield code="a">Also on microfilm: Athens, Ga. : University of Georgia Libraries.</subfield></datafield><datafield ind1=" " ind2="0" tag="651"><subfield code="a">Griffin (Ga.)</subfield><subfield code="v">Newspapers.</subfield></datafield><datafield ind1=" " ind2="0" tag="651"><subfield code="a">Spalding County (Ga.)</subfield><subfield code="v">Newspapers.</subfield></datafield><datafield ind1=" " ind2="7" tag="655"><subfield code="a">Newspapers.</subfield><subfield code="2">fast</subfield><subfield code="0">(OCoLC)fst01423814</subfield></datafield><datafield ind1=" " ind2="7" tag="651"><subfield code="a">Georgia</subfield><subfield code="z">Griffin.</subfield><subfield code="2">fast</subfield><subfield code="0">(OCoLC)fst01217131</subfield></datafield><datafield ind1=" " ind2="7" tag="651"><subfield code="a">Georgia</subfield><subfield code="z">Spalding County.</subfield><subfield code="2">fast</subfield><subfield code="0">(OCoLC)fst01217181</subfield></datafield><datafield ind1=" " ind2=" " tag="752"><subfield code="a">United States</subfield><subfield code="b">Georgia</subfield><subfield code="c">Spalding</subfield><subfield code="d">Griffin.</subfield></datafield><datafield ind1="0" ind2=" " tag="775"><subfield code="t">Middle Georgia farmer</subfield><subfield code="w">(DLC)sn 89053179</subfield><subfield code="w">(OCoLC)19564381</subfield></datafield><datafield ind1="0" ind2="0" tag="780"><subfield code="t">Morning call (Griffin, Ga.)</subfield><subfield code="w">(DLC)sn 89053178</subfield><subfield code="w">(OCoLC)19560001</subfield></datafield></record>